@article{AndersonMore,
  title={More Is Different},
  author={Anderson and P. W.},
  journal={Science},
  volume={177},
  number={4047},
  pages={393-396},
}